<record><leader>00000cas a22000007a 4500</leader><controlfield tag="001">14442833</controlfield><controlfield tag="008">861020c18879999txuwr ne      0    0eng d</controlfield><datafield ind1=" " ind2=" " tag="010"><subfield code="a">sn 86089741 </subfield></datafield><datafield ind1=" " ind2=" " tag="040"><subfield code="a">PPM</subfield><subfield code="b">eng</subfield><subfield code="c">PPM</subfield><subfield code="d">OCLCQ</subfield></datafield><datafield ind1=" " ind2=" " tag="042"><subfield code="a">msc</subfield></datafield><datafield ind1="0" ind2="4" tag="245"><subfield code="a">The Kaufman herald.</subfield></datafield><datafield ind1=" " ind2=" " tag="260"><subfield code="a">Kaufman, Tex. :</subfield><subfield code="b">John Hart</subfield></datafield><datafield ind1=" " ind2=" " tag="300"><subfield code="a">v. :</subfield><subfield code="b">ill. ;</subfield><subfield code="c">56 cm.</subfield></datafield><datafield ind1=" " ind2=" " tag="310"><subfield code="a">Weekly</subfield></datafield><datafield ind1="1" ind2=" " tag="362"><subfield code="a">Began in 1887?</subfield><subfield code="z">Cf Ayer, 1925.</subfield></datafield><datafield ind1=" " ind2=" " tag="580"><subfield code="a">Also published in daily edition.</subfield></datafield><datafield ind1=" " ind2=" " tag="588"><subfield code="a">Description based on: Vol. 44, no. 1 (Jan. 2, 1930).</subfield></datafield><datafield ind1=" " ind2=" " tag="752"><subfield code="a">United States</subfield><subfield code="b">Texas</subfield><subfield code="c">Kaufman</subfield><subfield code="d">Kaufman.</subfield></datafield><datafield ind1="1" ind2=" " tag="775"><subfield code="t">Kaufman daily herald</subfield></datafield></record>